@InProceedings{appavoo2014,
  Title                    = {Programmable Smart Machines: A Hybrid Neuromorphic Approach to General Purpose Computation},
  Author                   = {Appavoo, J. and Waterland, A. and Eldridge, S. and Zhao, K. and Joshi, A. and Homer, S. and Seltzer, M.},
  Booktitle                = {NeuroArch Workshop},
  Year                     = {2014},

  Url                      = {http://people.bu.edu/joshi/files/appavoo-neuroarch-2014.pdf},
  keywords                 = {keypsml}
}

@InProceedings{eldridge2015,
  Title                    = {Exploiting Hidden Layer Modular Redundancy for Fault-Tolerance in Neural Network Accelerators},
  Author                   = {Eldridge, S. and Joshi, A.},
  Booktitle                = {Boston Area Architecture Conference},
  Month                    = {January},
  Year                     = {2015},

  Owner                    = {se},
  Timestamp                = {2015.03.08},
  keywords                 = {}
}

@InProceedings{eldridge2013,
  Title                    = {Approximate Computation using a Neuralized Floating Point Unit},
  Author                   = {Eldridge, S. and Raudies, F. and Joshi, A.},
  Booktitle                = {Brain Inspired Computing Workshop},
  Year                     = {2013},


  File                     = {:\\\\ad\\eng\\research\\eng_research_icsg\\schuyler\\papers\\eldridge2013.pdf:PDF},
  Owner                    = {se},
  Timestamp                = {2013.07.25},
  keywords                 = {keynasa}
}

@InProceedings{eldridge2014,
  Title                    = {Neural Network-Based Accelerators for Transcendental Function Approximation},
  Author                   = {Eldridge, S. and Raudies, F. and Zou, D. and Joshi, A.},
  Booktitle                = {Proceedings of the Great Lakes Symposium on VLSI},
  Year                     = {2014},
  Pages                    = {169--174},

  Acmid                    = {2591534},
  Bdsk-url-1               = {http://doi.acm.org/10.1145/2591513.2591534},
  Bdsk-url-2               = {http://dx.doi.org/10.1145/2591513.2591534},
  Date-added               = {2014-11-24 20:10:21 +0000},
  Date-modified            = {2014-11-24 20:10:30 +0000},
  Doi                      = {10.1145/2591513.2591534},
  ISBN                     = {978-1-4503-2816-6},
  keywords                 = {keythesis,bio-inspired computing,neuromorphic architectures},
  Numpages                 = {6},
  Url                      = {http://doi.acm.org/10.1145/2591513.2591534}
}

@InProceedings{eldridge2015a,
  Title                    = {Towards General-Purpose Neural Network Computing},
  Author                   = {Eldridge, S. and Waterland, A. and Seltzer, M. and Appavoo, J. and Joshi, A.},
  Booktitle                = {Proceedings of the International Conference on Parallel Architectures and Compilation Techniques},
  Month                    = {October},
  Year                     = {2015},

  Owner                    = {se},
  Timestamp                = {2015.08.27},
  keywords                 = {keythesis}
}

@Misc{gopal2011,
  Title                    = {Digest Generation},

  Author                   = {Gopal, V. and Guilford, J. D. and Eldridge, S. and Wolrich, G. M. and Ozturk, E. and Feghali, W. K.},
  Note                     = {US Patent Application 13/995,236},
  Year                     = {2011},

  Owner                    = {se},
  Timestamp                = {2014.01.15},
  keywords                 = {keyintel}
}

@article{raudies2014learning,
  title={Learning to Navigate in a Virtual World using Optic Flow and Stereo Disparity Signals},
  author={Raudies, F. and Eldridge, S. and Joshi, A. and Versace, M.},
  journal={Artificial Life and Robotics},
  volume={19},
  number={2},
  pages={157--169},
  year={2014},
  publisher={Springer},
  keywords={keyopticflow}
}

@report{raudies2013,
  Title                    = {Reinforcement Learning of Visual Navigation Using Distances Extracted from Stereo Disparity or Optic Flow},
  Author                   = {Raudies, F. and Eldridge, S. and Joshi, A. and Versace, M.},
  Year                     = {2013},
  Number                   = {BU/ECE-2013-1},

  File                     = {raudies2013.pdf:raudies2013.pdf:PDF},
  Owner                    = {se},
  Timestamp                = {2014.01.14},
  keywords                 = {}
}